@book{tomasi2003sistemas,
  title={Sistemas de comunicaciones electr{\'o}nicas},
  author={Tomasi, Wayne},
  year={2003},
  publisher={Pearson educaci{\'o}n}
}
@book{vela1999lineas,
  title={L{\'\i}neas de transmisi{\'o}n},
  author={Vela, Rodolfo Neri},
  year={1999},
  publisher={McGraw-Hill}
}
@online{academia,
  author       = {Academia},
  title        = {Pérdidas en las líneas de transmisión y propagación de ondas},
  url          = {https://www.academia.edu/19603829/PERDIDAS_EN_LAS_LINEAS_DE_TRANSMISION_Y_PROPAGACION_DE_ONDAS},
  note         = {Accedido: 2024-08-01}
}

@online{unicrom,
  author       = {Unicrom},
  title        = {Circuito medidor de ondas estacionarias (ROE)},
  url          = {https://unicrom.com/circuito-medidor-de-ondas-estacionarias-roe/},
  note         = {Accedido: 2024-08-01},
  publisher    = {Unicrom},
  year         = {2024}
}

@online{cb27,
  author       = {CB27},
  title        = {Medida y control ROE},
  url          = {https://www.cb27.com/primerospasos/medida-y-control-roe},
  note         = {Accedido: 2024-08-01},
  publisher    = {CB27}
}

@online{techlib,
  author       = {Techlib},
  title        = {Relación de onda estacionaria (ROE)},
  url          = {https://techlib.net/techedu/relacion-de-onda-estacionaria-roe/},
  note         = {Accedido: 2024-08-01},
  publisher    = {Techlib}
}

@online{rohde-schwarz,
  author       = {Rohde \& Schwarz},
  title        = {Entender el funcionamiento básico del analizador de espectro},
  url          = {https://www.rohde-schwarz.com/es/productos/test-y-medida/essentials-test-equipment/spectrum-analyzers/entender-el-funcionamiento-basico-del-analizador-de-espectro_256005.html},
  note         = {Accedido: 2024-08-01},
  publisher    = {Rohde \& Schwarz}
}

@online{electrositio,
  author       = {Electrositio},
  title        = {¿Qué es un analizador de espectro? Funcionamiento y sus aplicaciones},
  url          = {https://electrositio.com/que-es-un-analizador-de-espectro-funcionamiento-y-sus-aplicaciones/},
  note         = {Accedido: 2024-08-01},
  publisher    = {Electrositio}
}

@online{osciloscopiodigital,
  author       = {Osciloscopio Digital},
  title        = {Analizadores de espectro},
  url          = {https://osciloscopiodigital.com/blog/analizadores-de-espectro/},
  note         = {Accedido: 2024-08-01},
  publisher    = {Osciloscopio Digital}
}

@online{1library,
  author       = {1Library},
  title        = {Campos electromagnéticos en las líneas de transmisión},
  url          = {https://1library.co/article/campos-electromagn%C3%A9ticos-en-las-l%C3%ADneas-de-transmisi%C3%B3n.oy8d065z},
  note         = {Accedido: 2024-08-01},
  publisher    = {1Library}
}

@online{scielo,
  author       = {Scielo},
  title        = {Campos electromagnéticos en las líneas de transmisión},
  url          = {http://www.scielo.org.co/pdf/tecn/v26n73/0123-921X-tecn-26-73-98.pdf},
  note         = {Accedido: 2024-08-01},
  publisher    = {Scielo}
}

@online{epn,
  author       = {EPN},
  title        = {Campos electromagnéticos en las líneas de transmisión},
  url          = {https://bibdigital.epn.edu.ec/bitstream/15000/7008/1/T1230.pdf},
  note         = {Accedido: 2024-08-01},
  publisher    = {Escuela Politécnica Nacional}
}

@online{analfatecnicos,
  author       = {Analfatecnicos},
  title        = {ROE y líneas de transmisión},
  url          = {https://analfatecnicos.net/archivos/19.RoeLineasDeTransmision.pdf},
  note         = {Accedido: 2024-08-01},
  publisher    = {Analfatecnicos}
}

@online{electricity-magnetism1,
  author       = {Electricity Magnetism},
  title        = {Probadores de pérdida dieléctrica},
  url          = {https://www.electricity-magnetism.org/es/probadores-de-perdida-dielectrica/},
  note         = {Accedido: 2024-08-01},
  publisher    = {Electricity Magnetism}
}

@online{electricity-magnetism2,
  author       = {Electricity Magnetism},
  title        = {Reflectómetro de dominio temporal},
  url          = {https://www.electricity-magnetism.org/es/reflectometro-de-dominio-temporal/},
  note         = {Accedido: 2024-08-01},
  publisher    = {Electricity Magnetism}
}

@online{techinfo,
  author       = {Techinfo},
  title        = {Reflectometría en el dominio del tiempo (TDR)},
  url          = {https://techinfo.wiki/reflectometria-en-el-dominio-del-tiempo-tdr/},
  note         = {Accedido: 2024-08-01},
  publisher    = {Techinfo}
}

@online{omicron,
  author       = {Omicron Energy},
  title        = {Pruebas fuera de línea: Líneas de transmisión},
  url          = {https://www.omicronenergy.com/es/aplicacion/pruebas-fuera-de-linea/lineas-de-transmision/},
  note         = {Accedido: 2024-08-01},
}

@online{se,
   author       ={Schneider Electric}, 
   title        ={Preguntas frecuentes sobre AFDD}, 
   url          ={https://www.se.com/es/es/faqs/FAQ000224173/}, 
   note         ={Accedido:2024-08-01} 
}

@online{geya, 
   author       ={Geya}, 
   title        ={AFDD}, 
   url          ={https://www.geya.net/es/afdd/}, 
   note         ={Accedido:2024-08-01} 
}

@online{abb, 
   author       ={ABB}, 
   title        ={AFDD: Artículo técnico}, 
   url          ={https://new.abb.com/docs/librariesprovider78/chile-documentos/art%C3%ADculo-t%C3%A9cnico---afdd_v2.pdf?sfvrsn=e5bb1d0a_2}, 
   note         ={Accedido:2024-08-01} 
}







