https://sdindustrial.com.mx/blog/que-es-un-transistor-para-que-sirve-y-como-funciona/

https://www.facilelectro.es/wp-content/uploads/2018/03/transistores.jpg


https://panamahitek.com/modelo-pi-hibrido-del-transistor-bjt/

https://unicrom.com/punto-trabajo-q-recta-carga-estatica-transistor/

https://www.ingmecafenix.com/electronica/componentes/configuraciones-y-polarizaciones-de-los-transistores/

https://cifpn1.com/electronica/?p=4151

https://www.emagister.com/uploads_user_home/Comunidad_Emagister_5896_transistor_2.pdf

https://uvadoc.uva.es/bitstream/handle/10324/24434/TFG-%3Bjsessionid=ED3C8DEA5AC878638E0B31B2D1A7821F?sequence=1

https://espanol.libretexts.org/Ingenieria/Amplificadores_Operacionales_y_Circuitos_Integrados_Lineales_-_Teor%C3%ADa_y_Aplicaci%C3%B3n_(Fiore)/01%3A_Conceptos_introductorios_y_fundamentos/1.6%3A_El_Amplificador_Diferencial

https://industriasgsl.com/blogs/automatizacion/amplificador-diferencial

https://cifpn1.com/electronica/?p=4190
https://cifpn1.com/electronica/?p=4060

https://distron.es/amplificador-de-potencia/

https://clasesparatodos.org/amplificador-de-clase-ab/









